<record><leader>00000cas a22000007a 4500</leader><controlfield tag="001">9617861</controlfield><controlfield tag="008">830617c19839999pauwr ne      0   a0eng d</controlfield><datafield ind1=" " ind2=" " tag="010"><subfield code="a">sn 83009001 </subfield></datafield><datafield ind1=" " ind2=" " tag="040"><subfield code="a">NSD</subfield><subfield code="b">eng</subfield><subfield code="c">NSD</subfield><subfield code="d">NPH</subfield><subfield code="d">OCLCQ</subfield></datafield><datafield ind1=" " ind2=" " tag="012"><subfield code="m">1</subfield></datafield><datafield ind1="1" ind2=" " tag="022"><subfield code="a">0745-9637</subfield><subfield code="l">0745-9637</subfield><subfield code="2">1</subfield></datafield><datafield ind1="1" ind2=" " tag="029"><subfield code="a">NZ1</subfield><subfield code="b">16053273</subfield></datafield><datafield ind1=" " ind2=" " tag="032"><subfield code="a">091570</subfield><subfield code="b">USPS</subfield></datafield><datafield ind1=" " ind2=" " tag="037"><subfield code="b">Sentinel, RD 3, Hunlock Creek, PA 18621</subfield></datafield><datafield ind1=" " ind2=" " tag="042"><subfield code="a">nsdp</subfield></datafield><datafield ind1="0" ind2=" " tag="130"><subfield code="a">Sentinel (Hunlock Creek, Pa.)</subfield></datafield><datafield ind1=" " ind2="0" tag="222"><subfield code="a">Sentinel</subfield><subfield code="b">(Hunlock Creek, Pa.)</subfield></datafield><datafield ind1="0" ind2="0" tag="245"><subfield code="a">Sentinel.</subfield></datafield><datafield ind1=" " ind2=" " tag="250"><subfield code="a">Ed. of the Suburban news</subfield></datafield><datafield ind1=" " ind2=" " tag="260"><subfield code="a">Hunlock Creek, Pa. [i.e. Sweet Valley, Pa.] :</subfield><subfield code="b">Country Impressions, Inc.,</subfield></datafield><datafield ind1=" " ind2=" " tag="300"><subfield code="a">v. :</subfield><subfield code="b">ill. ;</subfield><subfield code="c">37 cm.</subfield></datafield><datafield ind1=" " ind2=" " tag="310"><subfield code="a">Weekly</subfield></datafield><datafield ind1="0" ind2=" " tag="362"><subfield code="a">Vol. 9, no. 29 (May 25, 1983)-</subfield></datafield><datafield ind1=" " ind2=" " tag="500"><subfield code="a">Moved from Berwick, Pa.</subfield></datafield><datafield ind1=" " ind2=" " tag="580"><subfield code="a">Also issued in regional editions called: Suburban news (Sweet Valley, Pa.), and: Mountaintop star, Oct. 10, 1984-</subfield></datafield><datafield ind1=" " ind2=" " tag="752"><subfield code="a">United States</subfield><subfield code="b">Pennsylvania</subfield><subfield code="c">Luzerne</subfield><subfield code="d">Sweet Valley.</subfield></datafield><datafield ind1=" " ind2=" " tag="752"><subfield code="a">United States</subfield><subfield code="b">Pennsylvania</subfield><subfield code="c">Luzerne</subfield><subfield code="d">Hunlock Creek.</subfield></datafield><datafield ind1="1" ind2=" " tag="775"><subfield code="t">Suburban news (Sweet Valley, Pa.)</subfield><subfield code="w">(DLC)sn 87078226</subfield></datafield><datafield ind1="1" ind2=" " tag="775"><subfield code="t">Mountaintop star</subfield><subfield code="w">(DLC)sn 87078221</subfield></datafield><datafield ind1=" " ind2=" " tag="936"><subfield code="a">June 9, 1983</subfield></datafield></record>